<?xml version = "1.0" encoding = "UTF-8"?><record>
  <leader>01678nam#a2200373#cb4500</leader>
  <controlfield tag="005">20210408204216.0</controlfield>
  <controlfield tag="007">tu</controlfield>
  <controlfield tag="008">060512|1865####xx############|||#|#ger#c</controlfield>
  <controlfield tag="003">DE-605</controlfield>
  <controlfield tag="001">990150856380206441</controlfield>
  <datafield tag="016" ind1="7" ind2=" ">
    <subfield code="a">836975985</subfield>
    <subfield code="2">OCoLC</subfield>
  </datafield>
  <datafield tag="035" ind1=" " ind2=" ">
    <subfield code="a">(DE-605)TT002001222</subfield>
  </datafield>
  <datafield tag="040" ind1=" " ind2=" ">
    <subfield code="a">Kn 28</subfield>
    <subfield code="b">ger</subfield>
    <subfield code="c">Kn 28</subfield>
    <subfield code="e">rakwb</subfield>
  </datafield>
  <datafield tag="041" ind1=" " ind2=" ">
    <subfield code="a">ger</subfield>
  </datafield>
  <datafield tag="044" ind1=" " ind2=" ">
    <subfield code="c">DX</subfield>
  </datafield>
  <datafield tag="100" ind1="1" ind2=" ">
    <subfield code="a">Bisping, August</subfield>
    <subfield code="d">1811-1884</subfield>
    <subfield code="0">(DE-588)103140301</subfield>
    <subfield code="4">aut</subfield>
    <subfield code="0">(uri) https://portal.dnb.de/opac.htm?method=simpleSearch&amp;cqlMode=true&amp;query=idn=103140301</subfield>
    <subfield code="0">(uri) http://viaf.org/viaf/sourceID/DNB|103140301</subfield>
    <subfield code="B">GND-103140301</subfield>
  </datafield>
  <datafield tag="245" ind1="1" ind2="0">
    <subfield code="a">Erkl&#228;rung der beiden Briefe an die Thessalonicher, der drei Pastoralbriefe und des Briefes an Philemon</subfield>
    <subfield code="c">von Aug. Bisping</subfield>
  </datafield>
  <datafield tag="250" ind1=" " ind2=" ">
    <subfield code="a">2. verb. und verm. Aufl.</subfield>
  </datafield>
  <datafield tag="264" ind1=" " ind2="1">
    <subfield code="a">M&#252;nster</subfield>
    <subfield code="b">Aschendorff</subfield>
    <subfield code="c">1865</subfield>
  </datafield>
  <datafield tag="300" ind1=" " ind2=" ">
    <subfield code="a">346 S.</subfield>
  </datafield>
  <datafield tag="490" ind1="1" ind2=" ">
    <subfield code="a">Exegetisches Handbuch zum Neuen Testament / von Aug. Bisping</subfield>
    <subfield code="v">Bd. 7, Abt. 1</subfield>
  </datafield>
  <datafield tag="655" ind1=" " ind2="7">
    <subfield code="a">Kommentar</subfield>
    <subfield code="0">(DE-588)4136710-8</subfield>
    <subfield code="2">gnd-content</subfield>
  </datafield>
  <datafield tag="689" ind1="0" ind2="0">
    <subfield code="a">Paulus</subfield>
    <subfield code="c">Apostel, Heiliger</subfield>
    <subfield code="D">p</subfield>
    <subfield code="0">(DE-588)118641549</subfield>
    <subfield code="0">(uri) https://portal.dnb.de/opac.htm?method=simpleSearch&amp;cqlMode=true&amp;query=idn=118641549</subfield>
    <subfield code="0">(uri) http://viaf.org/viaf/sourceID/DNB|118641549</subfield>
    <subfield code="B">GND-118641549</subfield>
  </datafield>
  <datafield tag="689" ind1="0" ind2="1">
    <subfield code="a">Bibel</subfield>
    <subfield code="p">Thessalonicherbrief</subfield>
    <subfield code="n">1.-2.</subfield>
    <subfield code="D">u</subfield>
    <subfield code="0">(DE-588)4075941-6</subfield>
    <subfield code="0">(uri) https://portal.dnb.de/opac.htm?method=simpleSearch&amp;cqlMode=true&amp;query=idn=040759415</subfield>
    <subfield code="0">(uri) http://viaf.org/viaf/sourceID/DNB|040759415</subfield>
    <subfield code="B">GND-040759415</subfield>
  </datafield>
  <datafield tag="689" ind1="1" ind2="0">
    <subfield code="a">Bibel</subfield>
    <subfield code="p">Pastoralbriefe</subfield>
    <subfield code="D">u</subfield>
    <subfield code="0">(DE-588)4075937-4</subfield>
    <subfield code="0">(uri) https://portal.dnb.de/opac.htm?method=simpleSearch&amp;cqlMode=true&amp;query=idn=040759377</subfield>
    <subfield code="0">(uri) http://viaf.org/viaf/sourceID/DNB|040759377</subfield>
    <subfield code="B">GND-040759377</subfield>
  </datafield>
  <datafield tag="689" ind1="2" ind2="0">
    <subfield code="a">Bibel</subfield>
    <subfield code="p">Philemonbrief</subfield>
    <subfield code="D">u</subfield>
    <subfield code="0">(DE-588)4075950-7</subfield>
    <subfield code="0">(uri) https://portal.dnb.de/opac.htm?method=simpleSearch&amp;cqlMode=true&amp;query=idn=040759504</subfield>
    <subfield code="0">(uri) http://viaf.org/viaf/sourceID/DNB|040759504</subfield>
    <subfield code="B">GND-040759504</subfield>
  </datafield>
  <datafield tag="700" ind1="1" ind2=" ">
    <subfield code="a">Bisping, August</subfield>
    <subfield code="d">1811-1884</subfield>
    <subfield code="9">O:800</subfield>
    <subfield code="0">(DE-588)103140301</subfield>
    <subfield code="4">aut</subfield>
    <subfield code="0">(uri) https://portal.dnb.de/opac.htm?method=simpleSearch&amp;cqlMode=true&amp;query=idn=103140301</subfield>
    <subfield code="0">(uri) http://viaf.org/viaf/sourceID/DNB|103140301</subfield>
    <subfield code="B">GND-103140301</subfield>
  </datafield>
  <datafield tag="700" ind1="1" ind2="2">
    <subfield code="a">Bisping, August</subfield>
    <subfield code="d">1811-1884</subfield>
    <subfield code="t">Erkl&#228;rung des zweiten Briefes an die Thessalonicher, der drei Pastoralbriefe und des Briefes an Philemon</subfield>
    <subfield code="9">O:805b</subfield>
  </datafield>
  <datafield tag="785" ind1="0" ind2="8">
    <subfield code="i">1. Aufl. u.d.T.</subfield>
    <subfield code="t">Bisping, August: Erkl&#228;rung des zweiten Briefes an die Thessalonicher, der drei Pastoralbriefe und des Briefes an Philemon</subfield>
  </datafield>
  <datafield tag="830" ind1=" " ind2="0">
    <subfield code="a">Exegetisches Handbuch zum Neuen Testament / von Aug. Bisping</subfield>
    <subfield code="w">(DE-605)HT001232431</subfield>
    <subfield code="v">7,1,2</subfield>
    <subfield code="9">O:1</subfield>
  </datafield>
  <datafield tag="964" ind1="0" ind2="s">
    <subfield code="F">030</subfield>
    <subfield code="A">a|1uc||||||17</subfield>
  </datafield>
  <datafield tag="964" ind1="0" ind2="s">
    <subfield code="F">050</subfield>
    <subfield code="A">a|||||||||||||</subfield>
  </datafield>
  <datafield tag="964" ind1="0" ind2="s">
    <subfield code="F">051</subfield>
    <subfield code="A">s|||||||</subfield>
  </datafield>
  <datafield tag="035" ind1=" " ind2=" ">
    <subfield code="a">(OCoLC)836975985</subfield>
    <subfield code="0">(uri) http://www.worldcat.org/oclc/836975985</subfield>
  </datafield>
  <datafield tag="MBD" ind1=" " ind2=" ">
    <subfield code="M">49HBZ_NETWORK</subfield>
    <subfield code="i">990150856380206441</subfield>
    <subfield code="n">HBZ Network</subfield>
  </datafield>
  <datafield tag="MNG" ind1=" " ind2=" ">
    <subfield code="c">System</subfield>
    <subfield code="f">ILS</subfield>
    <subfield code="i">marc21</subfield>
    <subfield code="k">01</subfield>
    <subfield code="e">false</subfield>
    <subfield code="d">2021-06-18 04:07:16 Europe/Berlin</subfield>
    <subfield code="g">015085638-HBZ01</subfield>
    <subfield code="j">60</subfield>
    <subfield code="a">import</subfield>
    <subfield code="b">2021-04-06 00:50:04 Europe/Berlin</subfield>
  </datafield>
  <datafield tag="GSI" ind1="7" ind2=" ">
    <subfield code="a">103140301</subfield>
    <subfield code="0">http://d-nb.info/gnd/103140301</subfield>
    <subfield code="2">gnd</subfield>
    <subfield code="A">GND</subfield>
    <subfield code="B">GND-103140301</subfield>
    <subfield code="C">024</subfield>
  </datafield>
  <datafield tag="GEL" ind1=" " ind2="0">
    <subfield code="a">Philemonbrief</subfield>
    <subfield code="A">GND</subfield>
    <subfield code="B">GND-040759504</subfield>
    <subfield code="C">430</subfield>
  </datafield>
  <datafield tag="GEL" ind1=" " ind2="0">
    <subfield code="a">&lt;&lt;Der&gt;&gt; Brief an Philemon</subfield>
    <subfield code="A">GND</subfield>
    <subfield code="B">GND-040759504</subfield>
    <subfield code="C">430</subfield>
  </datafield>
  <datafield tag="GEL" ind1=" " ind2="0">
    <subfield code="a">Phlm</subfield>
    <subfield code="4">abku</subfield>
    <subfield code="4">http://d-nb.info/standards/elementset/gnd#abbreviatedNameForTheWork</subfield>
    <subfield code="w">r</subfield>
    <subfield code="i">Abkuerzung</subfield>
    <subfield code="9">v:IxTheo</subfield>
    <subfield code="A">GND</subfield>
    <subfield code="B">GND-040759504</subfield>
    <subfield code="C">430</subfield>
  </datafield>
  <datafield tag="GEL" ind1=" " ind2="0">
    <subfield code="a">Philem</subfield>
    <subfield code="4">abku</subfield>
    <subfield code="4">http://d-nb.info/standards/elementset/gnd#abbreviatedNameForTheWork</subfield>
    <subfield code="w">r</subfield>
    <subfield code="i">Abkuerzung</subfield>
    <subfield code="9">v:IxTheo</subfield>
    <subfield code="A">GND</subfield>
    <subfield code="B">GND-040759504</subfield>
    <subfield code="C">430</subfield>
  </datafield>
  <datafield tag="GEL" ind1=" " ind2="0">
    <subfield code="a">Philm</subfield>
    <subfield code="4">abku</subfield>
    <subfield code="4">http://d-nb.info/standards/elementset/gnd#abbreviatedNameForTheWork</subfield>
    <subfield code="w">r</subfield>
    <subfield code="i">Abkuerzung</subfield>
    <subfield code="9">v:IxTheo</subfield>
    <subfield code="A">GND</subfield>
    <subfield code="B">GND-040759504</subfield>
    <subfield code="C">430</subfield>
  </datafield>
  <datafield tag="GEL" ind1=" " ind2="0">
    <subfield code="a">Phm</subfield>
    <subfield code="4">abku</subfield>
    <subfield code="4">http://d-nb.info/standards/elementset/gnd#abbreviatedNameForTheWork</subfield>
    <subfield code="w">r</subfield>
    <subfield code="i">Abkuerzung</subfield>
    <subfield code="9">v:IxTheo</subfield>
    <subfield code="A">GND</subfield>
    <subfield code="B">GND-040759504</subfield>
    <subfield code="C">430</subfield>
  </datafield>
  <datafield tag="GEL" ind1=" " ind2="0">
    <subfield code="a">Film</subfield>
    <subfield code="4">abku</subfield>
    <subfield code="4">http://d-nb.info/standards/elementset/gnd#abbreviatedNameForTheWork</subfield>
    <subfield code="w">r</subfield>
    <subfield code="i">Abkuerzung</subfield>
    <subfield code="9">v:IxTheo</subfield>
    <subfield code="A">GND</subfield>
    <subfield code="B">GND-040759504</subfield>
    <subfield code="C">430</subfield>
  </datafield>
  <datafield tag="GEL" ind1=" " ind2="0">
    <subfield code="a">Flm</subfield>
    <subfield code="4">abku</subfield>
    <subfield code="4">http://d-nb.info/standards/elementset/gnd#abbreviatedNameForTheWork</subfield>
    <subfield code="w">r</subfield>
    <subfield code="i">Abkuerzung</subfield>
    <subfield code="9">v:IxTheo</subfield>
    <subfield code="A">GND</subfield>
    <subfield code="B">GND-040759504</subfield>
    <subfield code="C">430</subfield>
  </datafield>
  <datafield tag="GEL" ind1=" " ind2="0">
    <subfield code="a">Fm</subfield>
    <subfield code="4">abku</subfield>
    <subfield code="4">http://d-nb.info/standards/elementset/gnd#abbreviatedNameForTheWork</subfield>
    <subfield code="w">r</subfield>
    <subfield code="i">Abkuerzung</subfield>
    <subfield code="9">v:IxTheo</subfield>
    <subfield code="A">GND</subfield>
    <subfield code="B">GND-040759504</subfield>
    <subfield code="C">430</subfield>
  </datafield>
  <datafield tag="GEL" ind1=" " ind2="0">
    <subfield code="a">Epistula ad Philomenem</subfield>
    <subfield code="A">GND</subfield>
    <subfield code="B">GND-040759504</subfield>
    <subfield code="C">430</subfield>
  </datafield>
  <datafield tag="GEL" ind1=" " ind2="0">
    <subfield code="a">&lt;&lt;The&gt;&gt; letter to Philemon</subfield>
    <subfield code="A">GND</subfield>
    <subfield code="B">GND-040759504</subfield>
    <subfield code="C">430</subfield>
  </datafield>
  <datafield tag="GEL" ind1=" " ind2="0">
    <subfield code="a">Epi&#770;tre a&#768; Phile&#769;mon</subfield>
    <subfield code="A">GND</subfield>
    <subfield code="B">GND-040759504</subfield>
    <subfield code="C">430</subfield>
  </datafield>
  <datafield tag="GEL" ind1=" " ind2="0">
    <subfield code="a">Epistle to Philemon</subfield>
    <subfield code="A">GND</subfield>
    <subfield code="B">GND-040759504</subfield>
    <subfield code="C">430</subfield>
  </datafield>
  <datafield tag="GSI" ind1="7" ind2=" ">
    <subfield code="a">http://d-nb.info/gnd/4075950-7</subfield>
    <subfield code="2">uri</subfield>
    <subfield code="A">GND</subfield>
    <subfield code="B">GND-040759504</subfield>
    <subfield code="C">024</subfield>
  </datafield>
  <datafield tag="GEL" ind1=" " ind2="0">
    <subfield code="a">Pastoralbriefe</subfield>
    <subfield code="A">GND</subfield>
    <subfield code="B">GND-040759377</subfield>
    <subfield code="C">430</subfield>
  </datafield>
  <datafield tag="GEL" ind1=" " ind2="0">
    <subfield code="a">&lt;&lt;Les&gt;&gt; epi&#770;tres pastorales</subfield>
    <subfield code="A">GND</subfield>
    <subfield code="B">GND-040759377</subfield>
    <subfield code="C">430</subfield>
  </datafield>
  <datafield tag="GEL" ind1=" " ind2="0">
    <subfield code="a">&lt;&lt;The&gt;&gt; pastoral epistles</subfield>
    <subfield code="A">GND</subfield>
    <subfield code="B">GND-040759377</subfield>
    <subfield code="C">430</subfield>
  </datafield>
  <datafield tag="GEL" ind1=" " ind2="0">
    <subfield code="a">Pastoral Letters</subfield>
    <subfield code="A">GND</subfield>
    <subfield code="B">GND-040759377</subfield>
    <subfield code="C">430</subfield>
  </datafield>
  <datafield tag="GEL" ind1=" " ind2="0">
    <subfield code="a">Epistulae pastorales</subfield>
    <subfield code="A">GND</subfield>
    <subfield code="B">GND-040759377</subfield>
    <subfield code="C">430</subfield>
  </datafield>
  <datafield tag="GEL" ind1=" " ind2="0">
    <subfield code="a">Lettere pastorali</subfield>
    <subfield code="A">GND</subfield>
    <subfield code="B">GND-040759377</subfield>
    <subfield code="C">430</subfield>
  </datafield>
  <datafield tag="GSI" ind1="7" ind2=" ">
    <subfield code="a">http://d-nb.info/gnd/4075937-4</subfield>
    <subfield code="2">uri</subfield>
    <subfield code="A">GND</subfield>
    <subfield code="B">GND-040759377</subfield>
    <subfield code="C">024</subfield>
  </datafield>
  <datafield tag="GEL" ind1=" " ind2="0">
    <subfield code="a">Thessalonicherbrief</subfield>
    <subfield code="n">1.-2.</subfield>
    <subfield code="A">GND</subfield>
    <subfield code="B">GND-040759415</subfield>
    <subfield code="C">430</subfield>
  </datafield>
  <datafield tag="GEL" ind1=" " ind2="0">
    <subfield code="a">Thessalonicherbrief</subfield>
    <subfield code="n">I.-II.</subfield>
    <subfield code="A">GND</subfield>
    <subfield code="B">GND-040759415</subfield>
    <subfield code="C">430</subfield>
  </datafield>
  <datafield tag="GEL" ind1=" " ind2="0">
    <subfield code="a">Thessalonicherbriefe</subfield>
    <subfield code="A">GND</subfield>
    <subfield code="B">GND-040759415</subfield>
    <subfield code="C">430</subfield>
  </datafield>
  <datafield tag="GEL" ind1=" " ind2="0">
    <subfield code="a">1-2 Thess</subfield>
    <subfield code="4">abku</subfield>
    <subfield code="4">https://d-nb.info/standards/elementset/gnd#abbreviatedNameForTheWork</subfield>
    <subfield code="w">r</subfield>
    <subfield code="i">Abkuerzung</subfield>
    <subfield code="9">v:IxTheo</subfield>
    <subfield code="A">GND</subfield>
    <subfield code="B">GND-040759415</subfield>
    <subfield code="C">430</subfield>
  </datafield>
  <datafield tag="GEL" ind1=" " ind2="0">
    <subfield code="a">1-2 Thes</subfield>
    <subfield code="4">abku</subfield>
    <subfield code="4">https://d-nb.info/standards/elementset/gnd#abbreviatedNameForTheWork</subfield>
    <subfield code="w">r</subfield>
    <subfield code="i">Abkuerzung</subfield>
    <subfield code="9">v:IxTheo</subfield>
    <subfield code="A">GND</subfield>
    <subfield code="B">GND-040759415</subfield>
    <subfield code="C">430</subfield>
  </datafield>
  <datafield tag="GEL" ind1=" " ind2="0">
    <subfield code="a">1-2 Th</subfield>
    <subfield code="4">abku</subfield>
    <subfield code="4">https://d-nb.info/standards/elementset/gnd#abbreviatedNameForTheWork</subfield>
    <subfield code="w">r</subfield>
    <subfield code="i">Abkuerzung</subfield>
    <subfield code="9">v:IxTheo</subfield>
    <subfield code="A">GND</subfield>
    <subfield code="B">GND-040759415</subfield>
    <subfield code="C">430</subfield>
  </datafield>
  <datafield tag="GEL" ind1=" " ind2="0">
    <subfield code="a">1-2 Tess</subfield>
    <subfield code="4">abku</subfield>
    <subfield code="4">https://d-nb.info/standards/elementset/gnd#abbreviatedNameForTheWork</subfield>
    <subfield code="w">r</subfield>
    <subfield code="i">Abkuerzung</subfield>
    <subfield code="9">v:IxTheo</subfield>
    <subfield code="A">GND</subfield>
    <subfield code="B">GND-040759415</subfield>
    <subfield code="C">430</subfield>
  </datafield>
  <datafield tag="GEL" ind1=" " ind2="0">
    <subfield code="a">1-2 Ts</subfield>
    <subfield code="4">abku</subfield>
    <subfield code="4">https://d-nb.info/standards/elementset/gnd#abbreviatedNameForTheWork</subfield>
    <subfield code="w">r</subfield>
    <subfield code="i">Abkuerzung</subfield>
    <subfield code="9">v:IxTheo</subfield>
    <subfield code="A">GND</subfield>
    <subfield code="B">GND-040759415</subfield>
    <subfield code="C">430</subfield>
  </datafield>
  <datafield tag="GEL" ind1=" " ind2="0">
    <subfield code="a">1-2 Te</subfield>
    <subfield code="4">abku</subfield>
    <subfield code="4">https://d-nb.info/standards/elementset/gnd#abbreviatedNameForTheWork</subfield>
    <subfield code="w">r</subfield>
    <subfield code="i">Abkuerzung</subfield>
    <subfield code="9">v:IxTheo</subfield>
    <subfield code="A">GND</subfield>
    <subfield code="B">GND-040759415</subfield>
    <subfield code="C">430</subfield>
  </datafield>
  <datafield tag="GEL" ind1=" " ind2="0">
    <subfield code="a">Ep&#238;tres aux Thessaloniciens</subfield>
    <subfield code="A">GND</subfield>
    <subfield code="B">GND-040759415</subfield>
    <subfield code="C">430</subfield>
  </datafield>
  <datafield tag="GEL" ind1=" " ind2="0">
    <subfield code="a">Epistles to the Thessalonians</subfield>
    <subfield code="A">GND</subfield>
    <subfield code="B">GND-040759415</subfield>
    <subfield code="C">430</subfield>
  </datafield>
  <datafield tag="GEL" ind1=" " ind2="0">
    <subfield code="a">Letters to the Thessalonians</subfield>
    <subfield code="A">GND</subfield>
    <subfield code="B">GND-040759415</subfield>
    <subfield code="C">430</subfield>
  </datafield>
  <datafield tag="GEL" ind1=" " ind2="0">
    <subfield code="a">Epistulae ad Thessalonicenses</subfield>
    <subfield code="A">GND</subfield>
    <subfield code="B">GND-040759415</subfield>
    <subfield code="C">430</subfield>
  </datafield>
  <datafield tag="GEL" ind1=" " ind2="0">
    <subfield code="a">Lettere ai Tessalonicesi</subfield>
    <subfield code="A">GND</subfield>
    <subfield code="B">GND-040759415</subfield>
    <subfield code="C">430</subfield>
  </datafield>
  <datafield tag="GSI" ind1="7" ind2=" ">
    <subfield code="a">4075941-6</subfield>
    <subfield code="0">http://d-nb.info/gnd/4075941-6</subfield>
    <subfield code="2">gnd</subfield>
    <subfield code="A">GND</subfield>
    <subfield code="B">GND-040759415</subfield>
    <subfield code="C">024</subfield>
  </datafield>
  <datafield tag="GPN" ind1="0" ind2=" ">
    <subfield code="a">Paulus</subfield>
    <subfield code="c">Apostolus, Heiliger</subfield>
    <subfield code="A">GND</subfield>
    <subfield code="B">GND-118641549</subfield>
    <subfield code="C">400</subfield>
  </datafield>
  <datafield tag="GPN" ind1="0" ind2=" ">
    <subfield code="a">Paulus</subfield>
    <subfield code="c">Apostolos, Heiliger</subfield>
    <subfield code="A">GND</subfield>
    <subfield code="B">GND-118641549</subfield>
    <subfield code="C">400</subfield>
  </datafield>
  <datafield tag="GPN" ind1="0" ind2=" ">
    <subfield code="a">Paulus</subfield>
    <subfield code="c">Apostolus</subfield>
    <subfield code="A">GND</subfield>
    <subfield code="B">GND-118641549</subfield>
    <subfield code="C">400</subfield>
  </datafield>
  <datafield tag="GPN" ind1="0" ind2=" ">
    <subfield code="a">Paulus</subfield>
    <subfield code="c">von Tarsus, Apostel, Heiliger</subfield>
    <subfield code="A">GND</subfield>
    <subfield code="B">GND-118641549</subfield>
    <subfield code="C">400</subfield>
  </datafield>
  <datafield tag="GPN" ind1="0" ind2=" ">
    <subfield code="a">Paulus</subfield>
    <subfield code="c">Sardensis, Apostel, Heiliger</subfield>
    <subfield code="A">GND</subfield>
    <subfield code="B">GND-118641549</subfield>
    <subfield code="C">400</subfield>
  </datafield>
  <datafield tag="GPN" ind1="0" ind2=" ">
    <subfield code="a">Paulus</subfield>
    <subfield code="c">von Tarsos, Apostel, Heiliger</subfield>
    <subfield code="A">GND</subfield>
    <subfield code="B">GND-118641549</subfield>
    <subfield code="C">400</subfield>
  </datafield>
  <datafield tag="GPN" ind1="0" ind2=" ">
    <subfield code="a">Paulus</subfield>
    <subfield code="c">Theologe, Apostel, Heiliger</subfield>
    <subfield code="A">GND</subfield>
    <subfield code="B">GND-118641549</subfield>
    <subfield code="C">400</subfield>
  </datafield>
  <datafield tag="GPN" ind1="0" ind2=" ">
    <subfield code="a">Paulus</subfield>
    <subfield code="c">Apostolus, Sanctus</subfield>
    <subfield code="A">GND</subfield>
    <subfield code="B">GND-118641549</subfield>
    <subfield code="C">400</subfield>
  </datafield>
  <datafield tag="GPN" ind1="0" ind2=" ">
    <subfield code="a">Paulus</subfield>
    <subfield code="c">Divus, Apostel, Heiliger</subfield>
    <subfield code="A">GND</subfield>
    <subfield code="B">GND-118641549</subfield>
    <subfield code="C">400</subfield>
  </datafield>
  <datafield tag="GPN" ind1="0" ind2=" ">
    <subfield code="a">Paul</subfield>
    <subfield code="c">Apostle, Saint</subfield>
    <subfield code="A">GND</subfield>
    <subfield code="B">GND-118641549</subfield>
    <subfield code="C">400</subfield>
  </datafield>
  <datafield tag="GPN" ind1="0" ind2=" ">
    <subfield code="a">Paul</subfield>
    <subfield code="c">Ap&#244;tre, Saint</subfield>
    <subfield code="A">GND</subfield>
    <subfield code="B">GND-118641549</subfield>
    <subfield code="C">400</subfield>
  </datafield>
  <datafield tag="GPN" ind1="0" ind2=" ">
    <subfield code="a">Paullus</subfield>
    <subfield code="c">Apostel, Heiliger</subfield>
    <subfield code="A">GND</subfield>
    <subfield code="B">GND-118641549</subfield>
    <subfield code="C">400</subfield>
  </datafield>
  <datafield tag="GPN" ind1="0" ind2=" ">
    <subfield code="a">Paulos</subfield>
    <subfield code="c">Apostel, Heiliger</subfield>
    <subfield code="A">GND</subfield>
    <subfield code="B">GND-118641549</subfield>
    <subfield code="C">400</subfield>
  </datafield>
  <datafield tag="GPN" ind1="0" ind2=" ">
    <subfield code="a">Pavel</subfield>
    <subfield code="c">Apostel, Heiliger</subfield>
    <subfield code="A">GND</subfield>
    <subfield code="B">GND-118641549</subfield>
    <subfield code="C">400</subfield>
  </datafield>
  <datafield tag="GPN" ind1="0" ind2=" ">
    <subfield code="a">Pawel</subfield>
    <subfield code="c">Apostel, Heiliger</subfield>
    <subfield code="A">GND</subfield>
    <subfield code="B">GND-118641549</subfield>
    <subfield code="C">400</subfield>
  </datafield>
  <datafield tag="GPN" ind1="0" ind2=" ">
    <subfield code="a">Pablo</subfield>
    <subfield code="c">Apostel, Heiliger</subfield>
    <subfield code="A">GND</subfield>
    <subfield code="B">GND-118641549</subfield>
    <subfield code="C">400</subfield>
  </datafield>
  <datafield tag="GPN" ind1="0" ind2=" ">
    <subfield code="a">Paolo</subfield>
    <subfield code="c">di Tarso, Apostel, Heiliger</subfield>
    <subfield code="A">GND</subfield>
    <subfield code="B">GND-118641549</subfield>
    <subfield code="C">400</subfield>
  </datafield>
  <datafield tag="GPN" ind1="0" ind2=" ">
    <subfield code="a">Ph&#242;il</subfield>
    <subfield code="c">Apostel, Heiliger</subfield>
    <subfield code="A">GND</subfield>
    <subfield code="B">GND-118641549</subfield>
    <subfield code="C">400</subfield>
  </datafield>
  <datafield tag="GPN" ind1="0" ind2=" ">
    <subfield code="a">P&#243;l</subfield>
    <subfield code="c">Apostel, Heiliger</subfield>
    <subfield code="A">GND</subfield>
    <subfield code="B">GND-118641549</subfield>
    <subfield code="C">400</subfield>
  </datafield>
  <datafield tag="GPN" ind1="0" ind2=" ">
    <subfield code="a">Paavalin</subfield>
    <subfield code="c">Apostel, Heiliger</subfield>
    <subfield code="A">GND</subfield>
    <subfield code="B">GND-118641549</subfield>
    <subfield code="C">400</subfield>
  </datafield>
  <datafield tag="GPN" ind1="0" ind2=" ">
    <subfield code="a">Saulus</subfield>
    <subfield code="c">Apostel, Heiliger</subfield>
    <subfield code="A">GND</subfield>
    <subfield code="B">GND-118641549</subfield>
    <subfield code="C">400</subfield>
  </datafield>
  <datafield tag="GPN" ind1="0" ind2=" ">
    <subfield code="a">&#352;&#257;&#251;&#769;l</subfield>
    <subfield code="c">Apostel, Heiliger</subfield>
    <subfield code="A">GND</subfield>
    <subfield code="B">GND-118641549</subfield>
    <subfield code="C">400</subfield>
  </datafield>
  <datafield tag="GPN" ind1="0" ind2=" ">
    <subfield code="a">Saulus</subfield>
    <subfield code="c">von Tarsus, Apostel, Heiliger</subfield>
    <subfield code="A">GND</subfield>
    <subfield code="B">GND-118641549</subfield>
    <subfield code="C">400</subfield>
  </datafield>
  <datafield tag="GPN" ind1="0" ind2=" ">
    <subfield code="a">Paulus</subfield>
    <subfield code="c">von Tarsus</subfield>
    <subfield code="A">GND</subfield>
    <subfield code="B">GND-118641549</subfield>
    <subfield code="C">400</subfield>
  </datafield>
  <datafield tag="GPN" ind1="0" ind2=" ">
    <subfield code="a">Paulus</subfield>
    <subfield code="c">Biblische Person</subfield>
    <subfield code="A">GND</subfield>
    <subfield code="B">GND-118641549</subfield>
    <subfield code="C">400</subfield>
  </datafield>
  <datafield tag="GPN" ind1="0" ind2=" ">
    <subfield code="a">Saulus</subfield>
    <subfield code="c">von Tarsus</subfield>
    <subfield code="A">GND</subfield>
    <subfield code="B">GND-118641549</subfield>
    <subfield code="C">400</subfield>
  </datafield>
  <datafield tag="GPN" ind1="0" ind2=" ">
    <subfield code="a">Saulus</subfield>
    <subfield code="A">GND</subfield>
    <subfield code="B">GND-118641549</subfield>
    <subfield code="C">400</subfield>
  </datafield>
  <datafield tag="GPN" ind1="0" ind2=" ">
    <subfield code="a">Paavali</subfield>
    <subfield code="c">Apostel, Heiliger</subfield>
    <subfield code="A">GND</subfield>
    <subfield code="B">GND-118641549</subfield>
    <subfield code="C">400</subfield>
  </datafield>
  <datafield tag="GSI" ind1="7" ind2=" ">
    <subfield code="a">118641549</subfield>
    <subfield code="0">http://d-nb.info/gnd/118641549</subfield>
    <subfield code="2">gnd</subfield>
    <subfield code="A">GND</subfield>
    <subfield code="B">GND-118641549</subfield>
    <subfield code="C">024</subfield>
  </datafield>
  <datafield tag="GSI" ind1="7" ind2=" ">
    <subfield code="a">103140301</subfield>
    <subfield code="0">http://d-nb.info/gnd/103140301</subfield>
    <subfield code="2">gnd</subfield>
    <subfield code="A">GND</subfield>
    <subfield code="B">GND-103140301</subfield>
    <subfield code="C">024</subfield>
  </datafield>
</record>